<collection xmlns="http://www.loc.gov/MARC21/slim">
<record>
  <leader>04117nam0a2200601 i 450 </leader>
  <controlfield tag="001">IT\ICCU\CNCE\018813</controlfield>
  <controlfield tag="005">20100308000000.0</controlfield>
  <datafield tag="012" ind1=" " ind2=" ">
    <subfield code="a">V.o- b.n- s.ri Qutr (3) 1587 (R)</subfield>
    <subfield code="2">fei</subfield>
  </datafield>
  <datafield tag="100" ind1=" " ind2=" ">
    <subfield code="a">19970101d1587        0itac0103    ba</subfield>
  </datafield>
  <datafield tag="101" ind1=" " ind2=" ">
    <subfield code="a">LAT</subfield>
  </datafield>
  <datafield tag="102" ind1=" " ind2=" ">
    <subfield code="a">IT</subfield>
  </datafield>
  <datafield tag="200" ind1="1" ind2=" ">
    <subfield code="a">Aurea practica Io. Petri De Ferrariis Papiensis i. c. eximii, celeberrima quidem, &amp; perfectissima omnium, &amp; iusdicentibus, causarumque patronis vtilis imprimis, ac necessaria. Iam olim, Fr. Curtii, Ber. Landriani, &amp; aliorum aliquot scholijs, &amp; adnotationibus adaucta. Postremo Ioan. Ant. Masueri Caramaniensis i.c. et in sacro Subalpinorum senatu aduocati tot tamque necessarijs accessionibus locupletata, itaque ex omni parte repurgata, vt vix quicquam desiderari possit.  Nunc vero summo studio, &amp; labore abinfinitis mendis vindicata, suoque candore restituta ... Ex praelectione Io. Fran. Pellicerii Taurinen. iuriscon. eruditissimi ... Accessere titulorum, ac libellorum nouus vnus; &amp; rerum alter, alphabetica serie locupletissimi indices</subfield>
  </datafield>
  <datafield tag="210" ind1=" " ind2=" ">
    <subfield code="a">Taurini</subfield>
    <subfield code="c">\eredi di Niccol ̣Bevilacqua!</subfield>
    <subfield code="d">1587</subfield>
    <subfield code="e">Taurini</subfield>
    <subfield code="h">1587</subfield>
  </datafield>
  <datafield tag="215" ind1=" " ind2=" ">
    <subfield code="a">\104!, 670, \2! p.</subfield>
    <subfield code="d">fol</subfield>
  </datafield>
  <datafield tag="620" ind1=" " ind2=" ">
    <subfield code="a">IT</subfield>
    <subfield code="d">Torino</subfield>
  </datafield>
  <datafield tag="700" ind1=" " ind2="1">
    <subfield code="a">Ferrari,</subfield>
    <subfield code="b">Giovanni Pietro</subfield>
    <subfield code="3">IT\ICCU\CNCA\005330</subfield>
  </datafield>
  <datafield tag="702" ind1=" " ind2="1">
    <subfield code="a">Landriani,</subfield>
    <subfield code="b">Bernardino</subfield>
    <subfield code="3">IT\ICCU\CNCA\001041</subfield>
  </datafield>
  <datafield tag="702" ind1=" " ind2="1">
    <subfield code="a">Corti,</subfield>
    <subfield code="b">Francesco</subfield>
    <subfield code="3">IT\ICCU\CNCA\001245</subfield>
  </datafield>
  <datafield tag="702" ind1=" " ind2="1">
    <subfield code="a">Massuero,</subfield>
    <subfield code="b">Giovanni Antonio</subfield>
    <subfield code="3">IT\ICCU\CNCA\004418</subfield>
  </datafield>
  <datafield tag="702" ind1=" " ind2="1">
    <subfield code="a">Pelliceri,</subfield>
    <subfield code="b">Giovanni Francesco</subfield>
    <subfield code="3">IT\ICCU\CNCA\005149</subfield>
  </datafield>
  <datafield tag="712" ind1="0" ind2="0">
    <subfield code="a">Bevilacqua, Niccol ̣- eredi</subfield>
    <subfield code="3">IT\ICCU\CNCT\000513</subfield>
    <subfield code="4">650</subfield>
  </datafield>
  <datafield tag="790" ind1=" " ind2="1">
    <subfield code="a">Ferraris,</subfield>
    <subfield code="b">Giampietro</subfield>
    <subfield code="3">IT\ICCU\CNCA\017838</subfield>
    <subfield code="z">Ferrari, Giovanni Pietro</subfield>
  </datafield>
  <datafield tag="790" ind1=" " ind2="1">
    <subfield code="a">Ferrariis,</subfield>
    <subfield code="b">Johannes Petrus : de</subfield>
    <subfield code="3">IT\ICCU\CNCA\019144</subfield>
    <subfield code="z">Ferrari, Giovanni Pietro</subfield>
  </datafield>
  <datafield tag="790" ind1=" " ind2="1">
    <subfield code="a">Ferrari,</subfield>
    <subfield code="b">Giovanni Pietro : de</subfield>
    <subfield code="3">IT\ICCU\CNCA\019145</subfield>
    <subfield code="z">Ferrari, Giovanni Pietro</subfield>
  </datafield>
  <datafield tag="790" ind1=" " ind2="1">
    <subfield code="a">Landrianus,</subfield>
    <subfield code="b">Bernardinus</subfield>
    <subfield code="3">IT\ICCU\CNCA\022865</subfield>
    <subfield code="z">Landriani, Bernardino</subfield>
  </datafield>
  <datafield tag="790" ind1=" " ind2="1">
    <subfield code="a">Curtius,</subfield>
    <subfield code="b">Franciscus</subfield>
    <subfield code="3">IT\ICCU\CNCA\013913</subfield>
    <subfield code="z">Corti, Francesco</subfield>
  </datafield>
  <datafield tag="790" ind1=" " ind2="0">
    <subfield code="a">Franciscus</subfield>
    <subfield code="c"> : de#Curte</subfield>
    <subfield code="3">IT\ICCU\CNCA\027178</subfield>
    <subfield code="z">Corti, Francesco</subfield>
  </datafield>
  <datafield tag="790" ind1=" " ind2="1">
    <subfield code="a">Masuero,</subfield>
    <subfield code="b">Giovanni Antonio</subfield>
    <subfield code="3">IT\ICCU\CNCA\015007</subfield>
    <subfield code="z">Massuero, Giovanni Antonio</subfield>
  </datafield>
  <datafield tag="790" ind1=" " ind2="1">
    <subfield code="a">Pellissero,</subfield>
    <subfield code="b">Giovanni Francesco</subfield>
    <subfield code="3">IT\ICCU\CNCA\013401</subfield>
    <subfield code="z">Pelliceri, Giovanni Francesco</subfield>
  </datafield>
  <datafield tag="790" ind1=" " ind2="1">
    <subfield code="a">Pellicerius,</subfield>
    <subfield code="b">Ioannes Franciscus</subfield>
    <subfield code="3">IT\ICCU\CNCA\022025</subfield>
    <subfield code="z">Pelliceri, Giovanni Francesco</subfield>
  </datafield>
  <datafield tag="801" ind1=" " ind2="3">
    <subfield code="a">IT</subfield>
    <subfield code="b">ICCU</subfield>
    <subfield code="c">20201114</subfield>
  </datafield>
  <datafield tag="899" ind1=" " ind2=" ">
    <subfield code="a">Biblioteca del Seminario vescovile. Asti</subfield>
    <subfield code="1">AT0005</subfield>
    <subfield code="2">TO0 45</subfield>
  </datafield>
  <datafield tag="899" ind1=" " ind2=" ">
    <subfield code="a">Biblioteca universitaria. Cagliari</subfield>
    <subfield code="1">CA0194</subfield>
    <subfield code="2">CAG UC</subfield>
  </datafield>
  <datafield tag="899" ind1=" " ind2=" ">
    <subfield code="a">Biblioteca civica. Fossano</subfield>
    <subfield code="z">MUTILO</subfield>
    <subfield code="1">CN0049</subfield>
    <subfield code="2">TO0 52</subfield>
  </datafield>
  <datafield tag="899" ind1=" " ind2=" ">
    <subfield code="a">Biblioteca del Seminario vescovile. Fossano</subfield>
    <subfield code="1">CN0157</subfield>
    <subfield code="2">TO0 53</subfield>
  </datafield>
  <datafield tag="899" ind1=" " ind2=" ">
    <subfield code="a">Biblioteca Marucelliana. Firenze</subfield>
    <subfield code="1">FI0101</subfield>
    <subfield code="2">CFI MF</subfield>
  </datafield>
  <datafield tag="899" ind1=" " ind2=" ">
    <subfield code="a">Biblioteca universitaria. Genova</subfield>
    <subfield code="1">GE0038</subfield>
    <subfield code="2">LIG 01</subfield>
  </datafield>
  <datafield tag="899" ind1=" " ind2=" ">
    <subfield code="a">Biblioteca statale. Lucca</subfield>
    <subfield code="1">LU0022</subfield>
    <subfield code="2">LUA BL</subfield>
  </datafield>
  <datafield tag="899" ind1=" " ind2=" ">
    <subfield code="a">Biblioteca del Dipartimento di diritto privato e storia del diritto dell&apos;Universit ̉degli studi di Milano. Milano</subfield>
    <subfield code="1">MI1334</subfield>
    <subfield code="2">USM L1</subfield>
  </datafield>
  <datafield tag="899" ind1=" " ind2=" ">
    <subfield code="a">Biblioteca nazionale Vittorio Emanuele III. Napoli</subfield>
    <subfield code="1">NA0079</subfield>
    <subfield code="2">NAP BN</subfield>
  </datafield>
  <datafield tag="899" ind1=" " ind2=" ">
    <subfield code="a">Biblioteca comunale. Palermo</subfield>
    <subfield code="1">PA0063</subfield>
    <subfield code="2">PA1 CP</subfield>
  </datafield>
  <datafield tag="899" ind1=" " ind2=" ">
    <subfield code="a">Biblioteca comunale Passerini Landi. Piacenza</subfield>
    <subfield code="1">PC0030</subfield>
    <subfield code="2">PIA PL</subfield>
  </datafield>
  <datafield tag="899" ind1=" " ind2=" ">
    <subfield code="a">Biblioteca universitaria. Pisa</subfield>
    <subfield code="1">PI0112</subfield>
    <subfield code="2">PIS R1</subfield>
  </datafield>
  <datafield tag="899" ind1=" " ind2=" ">
    <subfield code="a">Biblioteca del Seminario vescovile. Fidenza</subfield>
    <subfield code="1">PR0011</subfield>
    <subfield code="2">ZPR 08</subfield>
  </datafield>
  <datafield tag="899" ind1=" " ind2=" ">
    <subfield code="a">Biblioteca comunale Lucio Mastronardi. Vigevano</subfield>
    <subfield code="z">MUTILO</subfield>
    <subfield code="1">PV0188</subfield>
    <subfield code="2">PAV 52</subfield>
  </datafield>
  <datafield tag="899" ind1=" " ind2=" ">
    <subfield code="a">Biblioteca della Facolt ̉di giurisprudenza dell&apos;Universit ̉degli studi di Pavia. Pavia</subfield>
    <subfield code="1">PV0295</subfield>
    <subfield code="2">PAV U3</subfield>
  </datafield>
  <datafield tag="899" ind1=" " ind2=" ">
    <subfield code="a">Biblioteca universitaria Alessandrina. Roma</subfield>
    <subfield code="1">RM0280</subfield>
    <subfield code="2">RML 01</subfield>
  </datafield>
  <datafield tag="899" ind1=" " ind2=" ">
    <subfield code="a">Fondazione Biblioteca S. Bernardino. Trento</subfield>
    <subfield code="z">MUTILO</subfield>
    <subfield code="1">TN0122</subfield>
    <subfield code="2">ZTN 18</subfield>
  </datafield>
  <datafield tag="899" ind1=" " ind2=" ">
    <subfield code="a">Biblioteca storica della Provincia di Torino. Torino</subfield>
    <subfield code="1">TO0277</subfield>
    <subfield code="2">TO0 06</subfield>
  </datafield>
  <datafield tag="899" ind1=" " ind2=" ">
    <subfield code="a">Biblioteca civica De Gregoriana. Crescentino</subfield>
    <subfield code="1">VC0020</subfield>
    <subfield code="2">TO0 C9</subfield>
  </datafield>
  <datafield tag="899" ind1=" " ind2=" ">
    <subfield code="a">Biblioteca civica. Vercelli</subfield>
    <subfield code="1">VC0073</subfield>
    <subfield code="2">TO0 A2</subfield>
  </datafield>
  <datafield tag="911" ind1=" " ind2=" ">
    <subfield code="a">Sul front.</subfield>
    <subfield code="9">IT\ICCU\CNCM\002020</subfield>
  </datafield>
  <datafield tag="921" ind1=" " ind2=" ">
    <subfield code="a">IT\ICCU\CNCM\002020</subfield>
    <subfield code="b">Toro accosciato ai piedi di un albero.</subfield>
    <subfield code="e">Nec ingrata diis</subfield>
    <subfield code="c">U590</subfield>
    <subfield code="d">Dimensioni: 8,2 x 9,5</subfield>
    <subfield code="f">TORO</subfield>
    <subfield code="f">ALBERO</subfield>
    <subfield code="g">1587</subfield>
  </datafield>
</record>
</collection>
